<?xml version="1.0" encoding="UTF-8"?><record xmlns="http://www.loc.gov/MARC21/slim" xmlns:cinclude="http://apache.org/cocoon/include/1.0" xmlns:zs="http://www.loc.gov/zing/srw/">
  <leader>00399nz  a2200145n  4500</leader>
  <controlfield tag="001">no 97005263 </controlfield>
  <controlfield tag="003">DLC</controlfield>
  <controlfield tag="005">19970128052721.0</controlfield>
  <controlfield tag="008">970127n| acannaab|          |a aaa     c</controlfield>
  <datafield tag="010" ind1=" " ind2=" ">
    <subfield code="a">no 97005263 </subfield>
  </datafield>
  <datafield tag="035" ind1=" " ind2=" ">
    <subfield code="a">(OCoLC)oca04256337 </subfield>
  </datafield>
  <datafield tag="040" ind1=" " ind2=" ">
    <subfield code="a">OCl</subfield>
    <subfield code="c">OCl</subfield>
  </datafield>
  <datafield tag="100" ind1="1" ind2="0">
    <subfield code="a">Drake, Shannon.</subfield>
    <subfield code="t">Blue heaven, black night.</subfield>
    <subfield code="l">Russian</subfield>
  </datafield>
  <datafield tag="400" ind1="1" ind2="0">
    <subfield code="a">Drake, Shannon.</subfield>
    <subfield code="t">Svet li︠u︡bvi</subfield>
  </datafield>
  <datafield tag="670" ind1=" " ind2=" ">
    <subfield code="a">Svet li︠u︡bvi, 1996.</subfield>
  </datafield>
</record>